<?xml version="1.0" encoding="UTF-8"?><record xmlns="http://www.loc.gov/MARC21/slim" xmlns:cinclude="http://apache.org/cocoon/include/1.0" xmlns:zs="http://www.loc.gov/zing/srw/">
  <leader>01951cz  a2200241n  4500</leader>
  <controlfield tag="001">n 2013181579</controlfield>
  <controlfield tag="003">DLC</controlfield>
  <controlfield tag="005">20150910073753.0</controlfield>
  <controlfield tag="008">130304n| azannaabn          |a ana      </controlfield>
  <datafield tag="010" ind1=" " ind2=" ">
    <subfield code="a">n 2013181579</subfield>
  </datafield>
  <datafield tag="035" ind1=" " ind2=" ">
    <subfield code="a">(OCoLC)oca09419637</subfield>
  </datafield>
  <datafield tag="040" ind1=" " ind2=" ">
    <subfield code="a">DNLM</subfield>
    <subfield code="b">eng</subfield>
    <subfield code="e">rda</subfield>
    <subfield code="c">DNLM</subfield>
    <subfield code="d">DNLM</subfield>
  </datafield>
  <datafield tag="110" ind1="1" ind2=" ">
    <subfield code="a">Budapest (Hungary).</subfield>
    <subfield code="b">Székesfőváros Statisztikai Hivatala</subfield>
  </datafield>
  <datafield tag="410" ind1="1" ind2=" ">
    <subfield code="a">Budapest (Hungary).</subfield>
    <subfield code="b">Kommunalstatistisches Amt</subfield>
  </datafield>
  <datafield tag="410" ind1="1" ind2=" ">
    <subfield code="a">Budapest (Hungary).</subfield>
    <subfield code="b">Statistique municipale</subfield>
  </datafield>
  <datafield tag="410" ind1="1" ind2=" ">
    <subfield code="a">Budapest (Hungary).</subfield>
    <subfield code="b">Communalstatistisches Bureau</subfield>
  </datafield>
  <datafield tag="410" ind1="1" ind2=" ">
    <subfield code="a">Budapest (Hungary).</subfield>
    <subfield code="b">Municipal Statistical Bureau</subfield>
  </datafield>
  <datafield tag="510" ind1="1" ind2=" ">
    <subfield code="w">r</subfield>
    <subfield code="i">Predecessor:</subfield>
    <subfield code="a">Budapest (Hungary).</subfield>
    <subfield code="b">Föváros Statisztikai Hivatal</subfield>
  </datafield>
  <datafield tag="670" ind1=" " ind2=" ">
    <subfield code="a">Budapest székesfőváros statisztikai es kőzigazgatási évkönyve, 1928:</subfield>
    <subfield code="b">t.p. (Budapest Székesfőváros Statisztikai Hivatala)</subfield>
  </datafield>
  <datafield tag="670" ind1=" " ind2=" ">
    <subfield code="a">Budapest székesfőváros statisztikai havifüzetei,  1940. Januar:</subfield>
    <subfield code="b">t.p. (... des Budapester Kommunalstatistischen Amtes); 1944. Október/December: t.p. (Statistique municipale de la ville de Budapest)</subfield>
  </datafield>
  <datafield tag="670" ind1=" " ind2=" ">
    <subfield code="a">Budapest székesfőváros statisztikai heti kimutatásai, 1915. január 3-9:</subfield>
    <subfield code="b">t.p. (... Budapester Communalstatistischen Bureau's)</subfield>
  </datafield>
  <datafield tag="670" ind1=" " ind2=" ">
    <subfield code="a">Die Sterblichkeit der Stadt Budapest ... 1874 und 1875:</subfield>
    <subfield code="b">t.p. (Budapest Föváros Statistikai [sic] Hivatalának közleményei; Publicationen des Statistischen Bureaus der Hauptstadt Budapest); 1886/1890: t.p. (Publicationen des Statistischen Bureau's der Haupt- und Residenzstadt Budapest); 1896/1900: t.p. (Budapest Székesföváros Statisztikai Hivatalának közleményei)</subfield>
  </datafield>
  <datafield tag="670" ind1=" " ind2=" ">
    <subfield code="a">NLM files, Sept. 2, 2015:</subfield>
    <subfield code="b">(hdg.: Budapest (Hungary). Székesfőváros Statisztikai Hivatala; usage: Budapest Székesfőváros Statisztikai Hivatala; des Budapester Kommunalstatistischen Amtes; Statistique municipale de la ville de Budapest; Budapester Communalstatistischen Bureau's; Municipal Statistical Bureau)</subfield>
  </datafield>
</record>